<?xml version="1.0" encoding="utf-8"?>
<record xmlns="http://www.loc.gov/MARC21/slim" xmlns:xsi="http://www.w3.org/2001/XMLSchema-instance" xsi:schemaLocation="http://www.loc.gov/MARC21/slim http://www.loc.gov/standards/marcxml/schema/MARC21slim.xsd">
	<leader>     nam a22     Mi 4500</leader>
	<controlfield tag="001">b12167101</controlfield>
	<controlfield tag="003">UaCaAUL</controlfield>
	<controlfield tag="006">m        d        </controlfield>
	<controlfield tag="007">cr cn |||m|||a</controlfield>
	<controlfield tag="008">191001s1883    ua      o     000 0 ara d</controlfield>
	<datafield ind1=" " ind2=" " tag="040">
		<subfield code="a">ZYU</subfield>
		<subfield code="b">ara</subfield>
		<subfield code="e">rda</subfield>
		<subfield code="c">ZYU</subfield>
	</datafield>
	<datafield ind1=" " ind2="4" tag="050">
		<subfield code="a">PJ6161</subfield>
		<subfield code="b">.B5 1883</subfield>
	</datafield>
	<datafield ind1="1" ind2=" " tag="100">
		<subfield code="6">880-01</subfield>
		<subfield code="a">Basyūnī, Muḥammad ʻAlī,</subfield>
		<subfield code="d">-1892 or 1893.</subfield>
	</datafield>
	<datafield ind1="1" ind2="0" tag="240">
		<subfield code="6">880-02</subfield>
		<subfield code="a">Ḥusn al-ṣanīʻ fī ʻilm al-maʻānī wa-al-bayān wa-al-badīʻ</subfield>
	</datafield>
	<datafield ind1="1" ind2="0" tag="245">
		<subfield code="6">880-03</subfield>
		<subfield code="a">Kitāb ḥusn al-ṣanīʻ fī ʻilm al-maʻānī wa-al-bayān wa-al-badīʻ /</subfield>
		<subfield code="c">li-jāmiʻihi ḥaḍrat al-ʻallāmah al-fāḍil al-Shaykh Muḥammad al-Basyūnī al-Baybānī, nafaʻa Allāh bihi al-ṭālibīn, āmīn.</subfield>
	</datafield>
	<datafield ind1=" " ind2=" " tag="250">
		<subfield code="6">880-04</subfield>
		<subfield code="a">al-Ṭabʻah al-ūlá.</subfield>
	</datafield>
	<datafield ind1=" " ind2="1" tag="264">
		<subfield code="6">880-05</subfield>
		<subfield code="a">[Cairo] :</subfield>
		<subfield code="b">bi-Maṭbaʻat Dīwān ʻUmūm al-Maʻārif bi-Sarāy Darb al-Jamāmīz, ʻalá ṣāḥibihā afḍal al-ṣalātu wa-azká al-taḥīyah,</subfield>
		<subfield code="c">1301 Hijrīyah [1883 Mīlādīyah]</subfield>
	</datafield>
	<datafield ind1=" " ind2=" " tag="300">
		<subfield code="a">online resource (236 pages)</subfield>
	</datafield>
	<datafield ind1=" " ind2=" " tag="336">
		<subfield code="a">text</subfield>
		<subfield code="2">rdacontent</subfield>
	</datafield>
	<datafield ind1=" " ind2=" " tag="337">
		<subfield code="a">computer</subfield>
		<subfield code="2">rdamedia</subfield>
	</datafield>
	<datafield ind1=" " ind2=" " tag="338">
		<subfield code="a">online resource</subfield>
		<subfield code="2">rdacarrier</subfield>
	</datafield>
	<datafield ind1=" " ind2=" " tag="500">
		<subfield code="6">880-06</subfield>
		<subfield code="a">Lā yajūz li-aḥad ṭabʻ hādhā al-kitāb muṭlaqan bi-dūni idhn Niẓārat al-Maʻārif wa-man tajārá ʻalá dhalika yujāzá ʻalá ḥasab qānūn al-maṭbūʻāt.</subfield>
	</datafield>
	<datafield ind1=" " ind2=" " tag="500">
		<subfield code="a">Part of the Arabic Collections Online (ACO) project, contributed by American University in Cairo Library.</subfield>
	</datafield>
	<datafield ind1=" " ind2=" " tag="533">
		<subfield code="a">Electronic reproduction.</subfield>
		<subfield code="b">New York, N.Y. :</subfield>
		<subfield code="c">New York University,</subfield>
		<subfield code="d">2019.</subfield>
		<subfield code="5">NNU</subfield>
	</datafield>
	<datafield ind1=" " ind2="0" tag="650">
		<subfield code="a">Arabic language</subfield>
		<subfield code="x">Rhetoric.</subfield>
	</datafield>
	<datafield ind1=" " ind2="7" tag="650">
		<subfield code="a">Arabic language</subfield>
		<subfield code="x">Rhetoric.</subfield>
		<subfield code="2">fast</subfield>
		<subfield code="0">(OCoLC)fst00812415</subfield>
	</datafield>
	<datafield ind1="2" ind2=" " tag="710">
		<subfield code="a">American University in Cairo.</subfield>
		<subfield code="b">Library.</subfield>
	</datafield>
	<datafield ind1="0" ind2=" " tag="730">
		<subfield code="a">Arabic Collections Online.</subfield>
	</datafield>
	<datafield ind1="0" ind2="8" tag="776">
		<subfield code="i">Online version:</subfield>
		<subfield code="a">Basyūnī, Muḥammad ʻAlī, -1892 or 3.</subfield>
		<subfield code="s">Ḥusn al-ṣanīʻ fī ʻilm al-maʻānī wa-al-bayān wa-al-badīʻ.</subfield>
		<subfield code="t">Kitāb ḥusn al-ṣanīʻ fī ʻilm al-maʻānī wa-al-bayān wa-al-badīʻ.</subfield>
		<subfield code="b">al-Ṭabʻah 1.</subfield>
		<subfield code="d">[Cairo] : Maṭbaʻat Dīwān ʻUmūm al-Maʻārif, 1301 [1883]</subfield>
		<subfield code="w">(OCoLC)780151161</subfield>
	</datafield>
	<datafield ind1="0" ind2="8" tag="776">
		<subfield code="i">Print version:</subfield>
		<subfield code="a">Basyūnī, Muḥammad ʻAlī, -1892 or 1893.</subfield>
		<subfield code="t">Kitāb ḥusn al-ṣanīʻ fī ʻilm al-maʻānī wa-al-bayān wa-al-badīʻ</subfield>
		<subfield code="w">(UaCaAUL)b12167101</subfield>
		<subfield code="w">(OCoLC)60506176</subfield>
	</datafield>
	<datafield ind1="4" ind2="0" tag="856">
		<subfield code="u">http://hdl.handle.net/2333.1/j9kd5987</subfield>
	</datafield>
	<datafield ind1="1" ind2=" " tag="880">
		<subfield code="6">100-01</subfield>
		<subfield code="a">بسيوني، محمد علي،</subfield>
		<subfield code="d">-1892 أو 1893.</subfield>
	</datafield>
	<datafield ind1="1" ind2="0" tag="880">
		<subfield code="6">240-02</subfield>
		<subfield code="a">حسن الصنيع فى علم المعانى والبيان والبديع</subfield>
	</datafield>
	<datafield ind1="1" ind2="0" tag="880">
		<subfield code="6">245-03</subfield>
		<subfield code="a">كتاب حسن الصنيع في علم المعاني والبيان والبديع /</subfield>
		<subfield code="c">لجامعه حضرة العلامة الفاضل الشيخ محمد البسيوني البيباني، نفع الله به الطالين، آمين.</subfield>
	</datafield>
	<datafield ind1=" " ind2=" " tag="880">
		<subfield code="6">250-04</subfield>
		<subfield code="a">الطبعة الأولى.</subfield>
	</datafield>
	<datafield ind1=" " ind2="1" tag="880">
		<subfield code="6">264-05</subfield>
		<subfield code="a">[Cairo] :</subfield>
		<subfield code="b">بمطبعة ديوان عموم المعارف بسراي درب الجماميز، على صاحبها أفضل الصلاة وأزكى التحية،</subfield>
		<subfield code="c">1301 هجرية [1883 ميلادية]</subfield>
	</datafield>
	<datafield ind1=" " ind2=" " tag="880">
		<subfield code="6">500-06</subfield>
		<subfield code="a">لا يجوز لاحد طبع هذا الكتاب مطلقا بدون اذن نظارة المعارف ومن تجارى على ذلك يجازى على حسب قانون المطبوعات.</subfield>
	</datafield>
	<datafield ind1=" " ind2=" " tag="959">
		<subfield code="a">NNU</subfield>
		<subfield code="b">WEB</subfield>
		<subfield code="c">GENI</subfield>
		<subfield code="t">0</subfield>
		<subfield code="m">Electronic access</subfield>
		<subfield code="s">01</subfield>
	</datafield>
	<datafield ind1=" " ind2=" " tag="999">
		<subfield code="i">UaCaAUL_b12167101</subfield>
		<subfield code="o">(OCoLC)ocm60506176 </subfield>
		<subfield code="s">auc_aco000878:</subfield>
	</datafield>
</record>
